<record xmlns="http://www.loc.gov/MARC21/slim" xmlns:xsi="http://www.w3.org/2001/XMLSchema-instance" xsi:schemaLocation="http://www.loc.gov/MARC21/slim http://www.loc.gov/standards/marcxml/schema/MARC21slim.xsd"><leader>02403nam a2200505   4500</leader><controlfield tag="001">002049858</controlfield><controlfield tag="003">NNU</controlfield><controlfield tag="006">m        d        </controlfield><controlfield tag="007">cr cn |||m|||a</controlfield><controlfield tag="008">150222s1923    le      o     000 0 ara d</controlfield><datafield ind1=" " ind2=" " tag="040"><subfield code="a">NNU</subfield><subfield code="b">eng</subfield><subfield code="e">rda</subfield><subfield code="c">NNU</subfield></datafield><datafield ind1="1" ind2=" " tag="041"><subfield code="a">ara</subfield><subfield code="h">per</subfield></datafield><datafield ind1=" " ind2="4" tag="050"><subfield code="a">PJ7741</subfield><subfield code="b">.B5 1923</subfield></datafield><datafield ind1="0" ind2=" " tag="130"><subfield code="6">880-01</subfield><subfield code="a">Kal&#299;lah wa-Dimnah</subfield></datafield><datafield ind1="1" ind2="0" tag="245"><subfield code="6">880-02</subfield><subfield code="a">Aqdam nuskhah makht&#803;u&#772;t&#803;ah mu&#700;arrakhah li-kita&#772;b Kali&#772;lah wa-Dimnah /</subfield><subfield code="c">&#699;uniya bi-nashriha&#772; Lu&#772;wi&#772;s Shaykhu&#772;.</subfield></datafield><datafield ind1=" " ind2=" " tag="250"><subfield code="6">880-03</subfield><subfield code="a">T&#803;ab&#699;ah 2., mus&#803;ah&#803;h&#803;ah&#803;ah.</subfield></datafield><datafield ind1=" " ind2=" " tag="260"><subfield code="6">880-04</subfield><subfield code="a">Beirut :</subfield><subfield code="b">Imprimerie catholique,</subfield><subfield code="c">1923.</subfield></datafield><datafield ind1=" " ind2=" " tag="300"><subfield code="a">online resource (290, 76 pages)</subfield></datafield><datafield ind1=" " ind2=" " tag="336"><subfield code="a">text</subfield><subfield code="2">rdacontent</subfield></datafield><datafield ind1=" " ind2=" " tag="337"><subfield code="a">computer</subfield><subfield code="2">rdamedia</subfield></datafield><datafield ind1=" " ind2=" " tag="338"><subfield code="a">online resource</subfield><subfield code="2">rdacarrier</subfield></datafield><datafield ind1=" " ind2=" " tag="500"><subfield code="a">Text in Arabic; preface and notes in French.</subfield></datafield><datafield ind1=" " ind2=" " tag="500"><subfield code="a">Translated from Persian by Ibn al-Muqaffa&#699;.</subfield></datafield><datafield ind1=" " ind2=" " tag="500"><subfield code="a">Title on added title page: La version arabe de Kali&#770;lah et Dimnah.</subfield></datafield><datafield ind1=" " ind2=" " tag="500"><subfield code="a">"Accompagne&#769;e par Zu Kalila wa Dimna von Theodor No&#776;ldeke, ein kritischer Beitrag."</subfield></datafield><datafield ind1=" " ind2=" " tag="500"><subfield code="a">Part of the Arabic Collections Online (ACO) project, contributed by New York Univeristy Libraries.</subfield></datafield><datafield ind1=" " ind2=" " tag="533"><subfield code="a">Electronic reproduction.</subfield><subfield code="b">New York, N.Y. :</subfield><subfield code="c">New York University,</subfield><subfield code="d">2015.</subfield><subfield code="5">NNU</subfield></datafield><datafield ind1="0" ind2="0" tag="630"><subfield code="a">Kal&#299;lah wa-Dimnah.</subfield></datafield><datafield ind1="0" ind2="7" tag="630"><subfield code="a">Kali&#772;lah wa-Dimnah.</subfield><subfield code="2">fast</subfield><subfield code="0">(OCoLC)fst01358757</subfield></datafield><datafield ind1="1" ind2=" " tag="700"><subfield code="6">880-05</subfield><subfield code="a">Cheikho, Louis,</subfield><subfield code="d">1859-1927</subfield></datafield><datafield ind1="0" ind2=" " tag="700"><subfield code="6">880-06</subfield><subfield code="a">Ibn al-Muqaffa&#699;,</subfield><subfield code="d">-c. 760.</subfield></datafield><datafield ind1="1" ind2="2" tag="700"><subfield code="a">N&#246;ldeke, Theodor,</subfield><subfield code="d">1836-1930.</subfield><subfield code="t">Zu Kali&#772;la waDimna.</subfield></datafield><datafield ind1="2" ind2=" " tag="710"><subfield code="a">New York University.</subfield><subfield code="b">Libraries.</subfield></datafield><datafield ind1="0" ind2=" " tag="730"><subfield code="a">Arabic Collections Online.</subfield></datafield><datafield ind1="0" ind2=" " tag="740"><subfield code="a">Version arabe de Kali&#770;lah et Dimnah.</subfield></datafield><datafield ind1="0" ind2="8" tag="776"><subfield code="i">Print version:</subfield><subfield code="t">Aqdam nuskhah makht&#803;u&#772;t&#803;ah mu&#700;arrakhah li-kita&#772;b Kali&#772;lah wa-Dimnah</subfield><subfield code="w">(NNU)002049858</subfield></datafield><datafield ind1="4" ind2="0" tag="856"><subfield code="u">http://hdl.handle.net/2333.1/vhhmgsjz</subfield></datafield><datafield ind1="0" ind2=" " tag="880"><subfield code="6">130-01/</subfield><subfield code="a">&#1603;&#1604;&#1610;&#1604;&#1577; &#1608; &#1583;&#1605;&#1606;&#1577;.</subfield></datafield><datafield ind1="1" ind2="0" tag="880"><subfield code="6">245-02/</subfield><subfield code="a">&#1649;&#1602;&#1583;&#1605; &#1606;&#1587;&#1582;&#1577; &#1605;&#1582;&#1591;&#1608;&#1591;&#1577; &#1605;&#1572;&#1585;&#1582;&#1577; &#1604;&#1603;&#1578;&#1575;&#1576; &#1603;&#1604;&#1610;&#1604;&#1577; &#1608; &#1583;&#1605;&#1606;&#1577; /</subfield><subfield code="c">&#1593;&#1606;&#1610; &#1576;&#1606;&#1588;&#1585;&#1607;&#1575; &#1604;&#1608;&#1610;&#1587; &#1588;&#1610;&#1582;&#1608; &#1575;&#1604;&#1610;&#1587;&#1608;&#1593;&#1610;.</subfield></datafield><datafield ind1=" " ind2=" " tag="880"><subfield code="6">250-03/</subfield><subfield code="a">&#1591;&#1576;&#1593;&#1577; &#1634;&#1548; &#1605;&#1589;&#1581;&#1581;&#1577;.</subfield></datafield><datafield ind1=" " ind2=" " tag="880"><subfield code="6">260-04/</subfield><subfield code="a">&#1576;&#1610;&#1585;&#1608;&#1578; :</subfield><subfield code="b">&#1605;&#1591;&#1576;&#1593;&#1577; &#1575;&#1604;&#1570;&#1576;&#1575;&#1569; &#1575;&#1604;&#1610;&#1587;&#1608;&#1593;&#1610;&#1610;&#1606;&#1548;</subfield><subfield code="c">1923.</subfield></datafield><datafield ind1="1" ind2=" " tag="880"><subfield code="6">700-05/</subfield><subfield code="a">&#1588;&#1610;&#1582;&#1608;&#1548; &#1604;&#1608;&#1610;&#1587;.</subfield></datafield><datafield ind1="0" ind2=" " tag="880"><subfield code="6">700-06/</subfield><subfield code="a">&#1573;&#1576;&#1606; &#1575;&#1604;&#1605;&#1602;&#1601;&#1593;.</subfield></datafield><datafield ind1=" " ind2=" " tag="959"><subfield code="a">NNU</subfield><subfield code="b">WEB</subfield><subfield code="c">GENI</subfield><subfield code="t">0</subfield><subfield code="m">Electronic access</subfield><subfield code="s">01</subfield></datafield><datafield ind1=" " ind2=" " tag="999"><subfield code="i">NNU_002049858</subfield><subfield code="s">nyu_aco000340</subfield><subfield code="e">(ERROR-880)</subfield></datafield></record>